<?xml version="1.0" encoding="UTF-8"?><record xmlns="http://www.loc.gov/MARC21/slim" xmlns:cinclude="http://apache.org/cocoon/include/1.0" xmlns:zs="http://www.loc.gov/zing/srw/">
  <leader>00554cz  a2200157n  4500</leader>
  <controlfield tag="001">n  84090829 </controlfield>
  <controlfield tag="003">DLC</controlfield>
  <controlfield tag="005">19880719140338.6</controlfield>
  <controlfield tag="008">840423n| acannaab|          |a aaa |||  </controlfield>
  <datafield tag="010" ind1=" " ind2=" ">
    <subfield code="a">n  84090829 </subfield>
  </datafield>
  <datafield tag="040" ind1=" " ind2=" ">
    <subfield code="a">DLC</subfield>
    <subfield code="c">DLC</subfield>
    <subfield code="d">DLC</subfield>
  </datafield>
  <datafield tag="100" ind1="1" ind2="0">
    <subfield code="a">Teller, James T.</subfield>
  </datafield>
  <datafield tag="400" ind1="1" ind2="0">
    <subfield code="a">Teller, J. T.</subfield>
    <subfield code="q">(James T.)</subfield>
  </datafield>
  <datafield tag="670" ind1=" " ind2=" ">
    <subfield code="a">Glacial Lake Agassiz, 1983:</subfield>
    <subfield code="b">t.p. (James T. Teller)</subfield>
  </datafield>
  <datafield tag="670" ind1=" " ind2=" ">
    <subfield code="a">NLC 3/84</subfield>
    <subfield code="b">(AACR 2: Teller, James T.)</subfield>
  </datafield>
  <datafield tag="670" ind1=" " ind2=" ">
    <subfield code="a">Quaternary sediment, bedrock topography, and geology of southern Manitoba, 1976:</subfield>
    <subfield code="b">maps recto (James T. Teller) envelope (J.T. Teller)</subfield>
  </datafield>
</record>